\begin{thebibliography}{99}
@article{artzner1999coherent,
  title={Coherent measures of risk},
  author={Artzner, Philippe and Delbaen, Freddy and Eber, Jean-Marc and Heath, David},
  journal={Mathematical finance},
  volume={9},
  number={3},
  pages={203--228},
  year={1999},
  publisher={Wiley Online Library}
}
@article{acerbi2002spectral,
  title={Spectral measures of risk: a coherent representation of subjective risk aversion},
  author={Acerbi, Carlo},
  journal={Journal of Banking \& Finance},
  volume={26},
  number={7},
  pages={1505--1518},
  year={2002},
  publisher={Elsevier}
}

@article{dowd2008spectral,
  title={Spectral risk measures: properties and limitations},
  author={Dowd, Kevin and Cotter, John and Sorwar, Ghulam},
  journal={Journal of Financial Services Research},
  volume={34},
  number={1},
  pages={61--75},
  year={2008},
  publisher={Springer}
}

@article{buhlmann1980economic,
  title={An economic premium principle},
  author={Buhlmann, Hans},
  journal={Terminology},
  volume={1},
  pages={1},
  year={1980},
  publisher={Cambridge Univ Press}
}

@article{cotter2006extreme,
  title={Extreme spectral risk measures: an application to futures clearinghouse margin requirements},
  author={Cotter, John and Dowd, Kevin},
  journal={Journal of Banking \& Finance},
  volume={30},
  number={12},
  pages={3469--3485},
  year={2006},
  publisher={Elsevier}
}
@article{acerbi2002spectral,
  title={Spectral measures of risk: a coherent representation of subjective risk aversion},
  author={Acerbi, Carlo},
  journal={Journal of Banking \& Finance},
  volume={26},
  number={7},
  pages={1505--1518},
  year={2002},
  publisher={Elsevier}
}
@article{barbi2014copula,
  title={A Copula-Based Quantile Risk Measure Approach to Estimate the Optimal Hedge Ratio},
  author={Barbi, Massimiliano and Romagnoli, Silvia},
  journal={Journal of Futures Markets},
  volume={34},
  number={7},
  pages={658--675},
  year={2014},
  publisher={Wiley Online Library}
}
@article{carchano2009rolling,
  title={Rolling over stock index futures contracts},
  author={Carchano, {\'O}scar and Pardo, {\'A}ngel},
  journal={Journal of Futures Markets},
  volume={29},
  number={7},
  pages={684--694},
  year={2009},
  publisher={Wiley Online Library}
}
@techreport{barlow1972statistical,
  title={Statistical inference under order restrictions; the theory and application of isotonic regression},
  author={Barlow, RERE},
  year={1972}
}

@article{cecchetti1988estimation,
  title={Estimation of the optimal futures hedge},
  author={Cecchetti, Stephen G and Cumby, Robert E and Figlewski, Stephen},
  journal={The Review of Economics and Statistics},
  pages={623--630},
  year={1988},
  publisher={JSTOR}
}

@article{markowitz2014mean,
  title={Mean--variance approximations to expected utility},
  author={Markowitz, Harry},
  journal={European Journal of Operational Research},
  volume={234},
  number={2},
  pages={346--355},
  year={2014},
  publisher={Elsevier}
}
@article{brandtner2015decision,
	title={Decision making with Expected Shortfall and spectral risk measures: The problem of comparative risk aversion},
	author={Brandtner, Mario and K{\"u}rsten, Wolfgang},
	journal={Journal of Banking \& Finance},
	volume={58},
	pages={268--280},
	year={2015},
	publisher={Elsevier}
}
@article{loomes1988different,
	title={Different experimental procedures for obtaining valuations of risky actions: Implications for utility theory},
	author={Loomes, Graham},
	journal={Theory and Decision},
	volume={25},
	number={1},
	pages={1--23},
	year={1988},
	publisher={Springer}
}
@incollection{harrison2008risk,
	title={Risk aversion in the laboratory},
	author={Harrison, Glenn W and Rutstr{\"o}m, Elisabet E},
	booktitle={Risk aversion in experiments},
	pages={41--196},
	year={2008},
	publisher={Emerald Group Publishing Limited}
}
@book{hull2016options,
	title={Options, futures, and other derivatives},
	author={Hull, John C and Basu, Sankarshan},
	year={2016},
	publisher={Pearson Education India}
}
@book{jurgen2011statistics,
  title={Statistics of Financial Markets: An Introduction},
  author={Franke, J{\"u}rgen and H{\"a}rdle, Wolfgang and Hafner, Christian},
  year={2011},
  publisher={Springer}
}

@techreport{nakamoto2019bitcoin,
	title={Bitcoin: A peer-to-peer electronic cash system},
	author={Nakamoto, Satoshi},
	year={2019},
	institution={Manubot}
}

\end{thebibliography}